"Time","max(rate(istio_request_duration_milliseconds_count[5m]))"
2022-07-01 15:10:00,0.00351 ms
2022-07-01 15:10:05,0.00351 ms
2022-07-01 15:10:10,0.00351 ms
2022-07-01 15:10:15,0.00351 ms
2022-07-01 15:10:20,0.00351 ms
2022-07-01 15:10:25,0.00351 ms
2022-07-01 15:10:30,0.00351 ms
2022-07-01 15:10:35,0.00351 ms
2022-07-01 15:10:40,0.00351 ms
2022-07-01 15:10:45,0.00351 ms
2022-07-01 15:10:50,0.00351 ms
2022-07-01 15:10:55,0.00351 ms
2022-07-01 15:11:00,0.00351 ms
2022-07-01 15:11:05,0.0421 ms
2022-07-01 15:11:10,0.151 ms
2022-07-01 15:11:15,1.80 ms
2022-07-01 15:11:20,1.80 ms
2022-07-01 15:11:25,2.36 ms
2022-07-01 15:11:30,3.79 ms
2022-07-01 15:11:35,3.79 ms
2022-07-01 15:11:40,4.68 ms
2022-07-01 15:11:45,5.96 ms
2022-07-01 15:11:50,5.96 ms
2022-07-01 15:11:55,6.79 ms
2022-07-01 15:12:00,8.10 ms
2022-07-01 15:12:05,8.10 ms
2022-07-01 15:12:10,8.90 ms
2022-07-01 15:12:15,10.3 ms
2022-07-01 15:12:20,10.3 ms
2022-07-01 15:12:25,11.0 ms
2022-07-01 15:12:30,12.4 ms
2022-07-01 15:12:35,12.4 ms
2022-07-01 15:12:40,13.1 ms
2022-07-01 15:12:45,14.6 ms
2022-07-01 15:12:50,14.6 ms
2022-07-01 15:12:55,15.3 ms
2022-07-01 15:13:00,16.7 ms
2022-07-01 15:13:05,16.7 ms
2022-07-01 15:13:10,17.5 ms
2022-07-01 15:13:15,18.8 ms
2022-07-01 15:13:20,18.8 ms
2022-07-01 15:13:25,19.6 ms
2022-07-01 15:13:30,20.9 ms
2022-07-01 15:13:35,20.9 ms
2022-07-01 15:13:40,21.7 ms
2022-07-01 15:13:45,23.0 ms
2022-07-01 15:13:50,23.0 ms
2022-07-01 15:13:55,23.8 ms
2022-07-01 15:14:00,25.1 ms
2022-07-01 15:14:05,25.1 ms
2022-07-01 15:14:10,26.0 ms
2022-07-01 15:14:15,27.3 ms
2022-07-01 15:14:20,27.3 ms
2022-07-01 15:14:25,28.1 ms
2022-07-01 15:14:30,29.4 ms
2022-07-01 15:14:35,29.4 ms
2022-07-01 15:14:40,30.2 ms
2022-07-01 15:14:45,31.6 ms
2022-07-01 15:14:50,31.6 ms
2022-07-01 15:14:55,32.4 ms
2022-07-01 15:15:00,33.7 ms
2022-07-01 15:15:05,33.7 ms
2022-07-01 15:15:10,34.5 ms
2022-07-01 15:15:15,35.8 ms
2022-07-01 15:15:20,35.8 ms
2022-07-01 15:15:25,36.7 ms
2022-07-01 15:15:30,37.9 ms
2022-07-01 15:15:35,37.9 ms
2022-07-01 15:15:40,38.7 ms
2022-07-01 15:15:45,40.1 ms
2022-07-01 15:15:50,40.1 ms
2022-07-01 15:15:55,40.1 ms
2022-07-01 15:16:00,41.1 ms
2022-07-01 15:16:05,41.1 ms
2022-07-01 15:16:10,41.1 ms
2022-07-01 15:16:15,40.7 ms
2022-07-01 15:16:20,40.7 ms
2022-07-01 15:16:25,40.7 ms
2022-07-01 15:16:30,40.7 ms
2022-07-01 15:16:35,40.7 ms
2022-07-01 15:16:40,40.7 ms
2022-07-01 15:16:45,40.8 ms
2022-07-01 15:16:50,40.8 ms
2022-07-01 15:16:55,40.8 ms
2022-07-01 15:17:00,40.8 ms
2022-07-01 15:17:05,40.8 ms
2022-07-01 15:17:10,40.8 ms
2022-07-01 15:17:15,40.8 ms
2022-07-01 15:17:20,40.8 ms
2022-07-01 15:17:25,40.8 ms
2022-07-01 15:17:30,40.8 ms
2022-07-01 15:17:35,40.8 ms
2022-07-01 15:17:40,40.8 ms
2022-07-01 15:17:45,40.9 ms
2022-07-01 15:17:50,40.9 ms
2022-07-01 15:17:55,40.9 ms
2022-07-01 15:18:00,41.0 ms
2022-07-01 15:18:05,41.0 ms
2022-07-01 15:18:10,41.0 ms
2022-07-01 15:18:15,41.0 ms
2022-07-01 15:18:20,41.0 ms
2022-07-01 15:18:25,41.0 ms
2022-07-01 15:18:30,41.1 ms
2022-07-01 15:18:35,41.1 ms
2022-07-01 15:18:40,41.1 ms
2022-07-01 15:18:45,41.1 ms
2022-07-01 15:18:50,41.1 ms
2022-07-01 15:18:55,41.1 ms
2022-07-01 15:19:00,41.0 ms
2022-07-01 15:19:05,41.0 ms
2022-07-01 15:19:10,41.0 ms
2022-07-01 15:19:15,41.0 ms
2022-07-01 15:19:20,41.0 ms
2022-07-01 15:19:25,41.0 ms
2022-07-01 15:19:30,40.9 ms
2022-07-01 15:19:35,40.9 ms
2022-07-01 15:19:40,40.9 ms
2022-07-01 15:19:45,40.9 ms
2022-07-01 15:19:50,40.9 ms
2022-07-01 15:19:55,40.9 ms
2022-07-01 15:20:00,41.0 ms
2022-07-01 15:20:05,41.0 ms
2022-07-01 15:20:10,41.0 ms
2022-07-01 15:20:15,40.9 ms
2022-07-01 15:20:20,40.9 ms
2022-07-01 15:20:25,40.9 ms
2022-07-01 15:20:30,40.9 ms
2022-07-01 15:20:35,40.9 ms
2022-07-01 15:20:40,40.9 ms
2022-07-01 15:20:45,40.8 ms
2022-07-01 15:20:50,40.8 ms
2022-07-01 15:20:55,40.8 ms
2022-07-01 15:21:00,40.8 ms
2022-07-01 15:21:05,40.8 ms
2022-07-01 15:21:10,40.7 ms
2022-07-01 15:21:15,40.3 ms
2022-07-01 15:21:20,40.3 ms
2022-07-01 15:21:25,38.9 ms
2022-07-01 15:21:30,38.2 ms
2022-07-01 15:21:35,38.2 ms
2022-07-01 15:21:40,36.7 ms
2022-07-01 15:21:45,35.9 ms
2022-07-01 15:21:50,35.9 ms
2022-07-01 15:21:55,34.5 ms
2022-07-01 15:22:00,33.8 ms
2022-07-01 15:22:05,33.8 ms
2022-07-01 15:22:10,32.4 ms
2022-07-01 15:22:15,31.6 ms
2022-07-01 15:22:20,31.6 ms
2022-07-01 15:22:25,30.2 ms
2022-07-01 15:22:30,29.5 ms
2022-07-01 15:22:35,29.5 ms
2022-07-01 15:22:40,28.1 ms
2022-07-01 15:22:45,27.4 ms
2022-07-01 15:22:50,27.4 ms
2022-07-01 15:22:55,25.8 ms
2022-07-01 15:23:00,25.1 ms
2022-07-01 15:23:05,25.1 ms
2022-07-01 15:23:10,23.7 ms
2022-07-01 15:23:15,23.0 ms
2022-07-01 15:23:20,23.0 ms
2022-07-01 15:23:25,21.6 ms
2022-07-01 15:23:30,20.8 ms
2022-07-01 15:23:35,20.8 ms
2022-07-01 15:23:40,19.4 ms
2022-07-01 15:23:45,18.7 ms
2022-07-01 15:23:50,18.7 ms
2022-07-01 15:23:55,17.3 ms
2022-07-01 15:24:00,16.6 ms
2022-07-01 15:24:05,16.6 ms
2022-07-01 15:24:10,15.2 ms
2022-07-01 15:24:15,14.5 ms
2022-07-01 15:24:20,14.5 ms
2022-07-01 15:24:25,13.1 ms
2022-07-01 15:24:30,12.4 ms
2022-07-01 15:24:35,12.4 ms
2022-07-01 15:24:40,11.0 ms
2022-07-01 15:24:45,10.3 ms
2022-07-01 15:24:50,10.3 ms
2022-07-01 15:24:55,8.91 ms
2022-07-01 15:25:00,8.15 ms

